%b1.bib

@inproceedings{AlmeidaUsenix16,
  author    = {Jos{\'{e}} Bacelar Almeida and
               Manuel Barbosa and
               Gilles Barthe and
               Fran{\c{c}}ois Dupressoir and
               Michael Emmi},
  title     = {Verifying Constant-Time Implementations},
  booktitle = {25th {USENIX} Security Symposium, {USENIX} Security.},
  pages     = {53--70},
  year      = {2016}
  }
  
 @inproceedings{BartheCsfw04,
  author    = {Gilles Barthe and
               Pedro R. D'Argenio and
               Tamara Rezk},
  title     = {Secure Information Flow by Self-Composition},
  booktitle = {17th {IEEE} Computer Security Foundations Workshop, {(CSFW-17})},
  pages     = {100--114},
  year      = {2004}
  }
  
@inproceedings{TerauchiSas05,
  author    = {Tachio Terauchi and
               Alexander Aiken},
  title     = {Secure Information Flow as a Safety Problem},
  booktitle = {Static Analysis, 12th International Symposium, {SAS}, Proceedings},
  pages     = {352--367},
  year      = {2005}
}

@inproceedings{MyersPopl99,
  title={{JFlow:} {Practical} {Mostly-Static} {Information} {Flow} {Control}},
  booktitle={Proceedings of the 26th Annual ACM SIGPLAN-SIGACT Symposium on Principles of Programming Languages},
  author={Myers, A. C.},
  year={1999},
  organization={ACM},
}

@article{SabelfeldComm03,
  title={{Language-based} information-flow security},
  journal={IEEE Selected Areas in Communications},
  author={Sabelfeld, A. and Myers, A.},
  year={2003},
}

@inproceedings{KangNdss11,
  title={{DTA++:} {Dynamic} {Taint} {Analysis} with {Targeted} {Control-Flow} {Propagation}},
  booktitle={Proceedings of the Network and Distributed System Security Symposium},
  author={Kang, M. G. and McCamant, S. and Poosankam, P. and Song, D.},
  year={2011},
}
@inproceedings{SongIss08,
  title={{BitBlaze:} {A} {New} {Approach} to {Computer} {Security} via {Binary} {Analysis}},
  booktitle={Information Systems Security},
  author={Song, D. and Brumley, D. and Yin, H. and Caballero, J. and Jager, I. and Kang, M. G. and Liang, Z. and Newsome, J. and Poosankam, P. and Saxena, P.},
  year={2008},
}
@inproceedings{CrandallMicro04,
  title={{Minos:} {Control} {Data} {Attack} {Prevention} {Orthogonal} to {Memory} {Model}},
  booktitle={Proceedings of the 37th IEEE/ACM International Symposium on Microarchitecture},
  author={Crandall, J. R. and Chong, F. T.},
  year={2004},
}
@inproceedings{SchwartzSp10,
  title={{All} {You} {Ever} {Wanted} to {Know} about {Dynamic} {Taint} {Analysis} and {Forward} {Symbolic} {Execution} (but {Might} {Have} {Been} {Afraid} to {Ask)}},
  booktitle={Proceedings of the 2010 IEEE Symposium on Security and Privacy},
  author={Schwartz, E. and Avgerinos, T. and Brumley, D.},
  year={2010},
}

@inproceedings{SeahornCav15,
  author    = {Arie Gurfinkel and
               Temesghen Kahsai and
               Anvesh Komuravelli and
               Jorge A. Navas},
  title     = {The {SeaHorn} Verification Framework},
  booktitle = {Computer Aided Verification - 27th International Conference, {CAV}
               2015, San Francisco, CA, USA, July 18-24, 2015, Proceedings, Part
               {I}},
  pages     = {343--361},
  year      = {2015}
  }
  
 @inproceedings{z3tool,
  author    = {Leonardo Mendon{\c{c}}a de Moura and
               Nikolaj Bj{\o}rner},
  title     = {{Z3:} An Efficient {SMT} Solver},
  booktitle = {Tools and Algorithms for the Construction and Analysis of Systems,
               14th International Conference, {TACAS} 2008, Held as Part of the Joint
               European Conferences on Theory and Practice of Software, {ETAPS}, Proceedings},
  pages     = {337--340},
  year      = {2008}
  }
  
 @inproceedings{muz3tool,
  author    = {Krystof Hoder and
               Nikolaj Bj{\o}rner and
               Leonardo Mendon{\c{c}}a de Moura},
  title     = {\emph{{\(\mu\)}Z}- An Efficient Engine for Fixed Points with Constraints},
  booktitle = {Computer Aided Verification - 23rd International Conference, {CAV}. Proceedings},
  pages     = {457--462},
  year      = {2011}
  }
  
  @inproceedings{llvm,
  author    = {Chris Lattner and
               Vikram S. Adve},
  title     = {{LLVM:} {A} Compilation Framework for Lifelong Program Analysis {\&}
               Transformation},
  booktitle = {2nd {IEEE} / {ACM} International Symposium on Code Generation and
               Optimization {(CGO})},
  pages     = {75--88},
  year      = {2004}
  }
  
  @inproceedings{BiereBmc,
  author    = {Armin Biere and
               Alessandro Cimatti and
               Edmund M. Clarke and
               Yunshan Zhu},
  title     = {Symbolic Model Checking without BDDs},
  booktitle = {Tools and Algorithms for Construction and Analysis of Systems, 5th
               International Conference, {TACAS}, Proceedings},
  pages     = {193--207},
  year      = {1999}
  }
  